<record><leader>00000cas a2200000 a 4500</leader><controlfield tag="001">11688735</controlfield><controlfield tag="008">850213d19021942ksuwr ne      0   a0eng d</controlfield><datafield ind1=" " ind2=" " tag="010"><subfield code="a">sn 85030916 </subfield></datafield><datafield ind1=" " ind2=" " tag="040"><subfield code="a">KSH</subfield><subfield code="b">eng</subfield><subfield code="c">KSH</subfield><subfield code="d">NPT</subfield><subfield code="d">OCL</subfield><subfield code="d">OCLCQ</subfield></datafield><datafield ind1=" " ind2=" " tag="042"><subfield code="a">msc</subfield></datafield><datafield ind1="0" ind2="4" tag="245"><subfield code="a">The Barnard bee.</subfield></datafield><datafield ind1=" " ind2=" " tag="260"><subfield code="a">Barnard, Kan. :</subfield><subfield code="b">Will DeVinny,</subfield><subfield code="c">1902-1942.</subfield></datafield><datafield ind1=" " ind2=" " tag="300"><subfield code="a">41 v. :</subfield><subfield code="b">ill. ;</subfield><subfield code="c">39-56 cm.</subfield></datafield><datafield ind1=" " ind2=" " tag="310"><subfield code="a">Weekly</subfield></datafield><datafield ind1="0" ind2=" " tag="362"><subfield code="a">Vol. 1, no. 1 (Mar. 8, 1902)-v. 41, no. 26 (Nov. 5, 1942).</subfield></datafield><datafield ind1=" " ind2=" " tag="500"><subfield code="a">Publisher varies.</subfield></datafield><datafield ind1=" " ind2=" " tag="515"><subfield code="a">Numbering is irregular.</subfield></datafield><datafield ind1=" " ind2=" " tag="515"><subfield code="a">Suspended with Oct. 10, 1918 issue; resumed with Nov. 22, 1923 issue.</subfield></datafield><datafield ind1=" " ind2=" " tag="525"><subfield code="a">Includes supplements.</subfield></datafield><datafield ind1=" " ind2=" " tag="752"><subfield code="a">United States</subfield><subfield code="b">Kansas</subfield><subfield code="c">Lincoln</subfield><subfield code="d">Barnard.</subfield></datafield></record>